<?xml version="1.0" encoding="UTF-8"?>
<collection xmlns:xsi="http://www.w3.org/2001/XMLSchema-instance" xsi:schemaLocation="http://www.loc.gov/MARC21/slim http://www.loc.gov/standards/marcxml/schema/MARC21slim.xsd" xmlns="http://www.loc.gov/MARC21/slim">
<record>
  <leader>01081cam a2200241 a 4500</leader>
  <controlfield tag="001">2695249</controlfield>
  <controlfield tag="003">NNC</controlfield>
  <controlfield tag="005">20130425145100.0</controlfield>
  <controlfield tag="008">910711s1958    iq h     b    001 0 arard</controlfield>
  <datafield tag="035" ind1=" " ind2=" ">
    <subfield code="a">(OCoLC)ocm24051880</subfield>
  </datafield>
  <datafield tag="035" ind1=" " ind2=" ">
    <subfield code="9">ARE5658CU</subfield>
  </datafield>
  <datafield tag="035" ind1=" " ind2=" ">
    <subfield code="a">(NNC)2695249</subfield>
  </datafield>
  <datafield tag="040" ind1=" " ind2=" ">
    <subfield code="a">NDD</subfield>
    <subfield code="c">NDD</subfield>
    <subfield code="d">OSU</subfield>
    <subfield code="d">ZCU</subfield>
  </datafield>
  <datafield tag="099" ind1=" " ind2=" ">
    <subfield code="a">956.7</subfield>
    <subfield code="a">Az91</subfield>
  </datafield>
  <datafield tag="100" ind1="1" ind2=" ">
    <subfield code="a">ʻAzzāwī, ʻAbbās.</subfield>
  </datafield>
  <datafield tag="245" ind1="1" ind2="0">
    <subfield code="a">Dhikrá Abū al-Thanāʾ al-Alūsī :</subfield>
    <subfield code="b">ʻaṣruhu wa-mujtamaʻahu wa-ḥayātuhu al-ʻilmīyah wa-al-adabīyah wa-al-tārīkhīyah wa-al-siyāsīyah wa-muʾallifātuhu /</subfield>
    <subfield code="c">bi-qalam ʻAbbās al-ʻAzzāwī.</subfield>
  </datafield>
  <datafield tag="260" ind1=" " ind2=" ">
    <subfield code="a">Baghdād :</subfield>
    <subfield code="b">Sharikat al-Tijārīyah wa-al-Ṭibāʻah,</subfield>
    <subfield code="c">1958.</subfield>
  </datafield>
  <datafield tag="300" ind1=" " ind2=" ">
    <subfield code="a">116 p., [3] leaves of plates :</subfield>
    <subfield code="b">facsims. ;</subfield>
    <subfield code="c">26 cm.</subfield>
  </datafield>
  <datafield tag="500" ind1=" " ind2=" ">
    <subfield code="a">Title on English t.p.: Memorial of Abul Thanaʾ al-Aloussi, mufti of Baghdad.</subfield>
  </datafield>
  <datafield tag="504" ind1=" " ind2=" ">
    <subfield code="a">Includes bibliographical references (p. 96-98) and indexes.</subfield>
  </datafield>
  <datafield tag="600" ind1="1" ind2="0">
    <subfield code="a">Ālūsī, Maḥmūd ibn ʻAbd Allāh,</subfield>
    <subfield code="d">1802 or 1803-1853 or 1854.</subfield>
  </datafield>
  <datafield tag="740" ind1="0" ind2="1">
    <subfield code="a">Memorial of Abul Thanaʾ al-Aloussi, mufti of Baghdad.</subfield>
  </datafield>
  <datafield tag="955" ind1=" " ind2=" ">
    <subfield code="b">0040591972</subfield>
    <subfield code="d">glx</subfield>
    <subfield code="e">956.7 Az91</subfield>
  </datafield>
</record>
</collection>